@book{Hutton,
    author    = "Hutton, G.",
    title     = "{Programming in Haskell}",
    publisher = "Cambridge University Press",
    month     = jan,
    year      = 2007
}
@inproceedings{Yun:1976:SDA:800205.806320,
 author = {Yun, David Y.Y.},
 title = {On Square-free Decomposition Algorithms},
 booktitle = {Proceedings of the Third ACM Symposium on Symbolic and Algebraic Computation},
 series = {SYMSAC '76},
 year = {1976},
 location = {Yorktown Heights, New York, USA},
 pages = {26--35},
 numpages = {10},
 url = {http://doi.acm.org/10.1145/800205.806320},
 doi = {10.1145/800205.806320},
 acmid = {806320},
 publisher = {ACM},
 address = {New York, NY, USA},
} 


